<?xml version="1.0" encoding="UTF-8"?><record xmlns="http://www.loc.gov/MARC21/slim" xmlns:cinclude="http://apache.org/cocoon/include/1.0" xmlns:zs="http://www.loc.gov/zing/srw/">
  <leader>01148cz  a2200241n  4500</leader>
  <controlfield tag="001">n  90696090 </controlfield>
  <controlfield tag="003">DLC</controlfield>
  <controlfield tag="005">20160804032511.0</controlfield>
  <controlfield tag="008">900921n| azannaabn          |a ana      </controlfield>
  <datafield tag="010" ind1=" " ind2=" ">
    <subfield code="a">n  90696090 </subfield>
  </datafield>
  <datafield tag="034" ind1=" " ind2=" ">
    <subfield code="d">E1052500</subfield>
    <subfield code="e">E1052500</subfield>
    <subfield code="f">N0212000</subfield>
    <subfield code="g">N0212000</subfield>
    <subfield code="2">other</subfield>
  </datafield>
  <datafield tag="035" ind1=" " ind2=" ">
    <subfield code="a">(OCoLC)oca02819822</subfield>
  </datafield>
  <datafield tag="040" ind1=" " ind2=" ">
    <subfield code="a">DLC</subfield>
    <subfield code="b">eng</subfield>
    <subfield code="e">rda</subfield>
    <subfield code="c">DLC</subfield>
    <subfield code="d">DLC</subfield>
    <subfield code="d">OCoLC</subfield>
    <subfield code="d">DLC</subfield>
  </datafield>
  <datafield tag="043" ind1=" " ind2=" ">
    <subfield code="a">a-vt---</subfield>
  </datafield>
  <datafield tag="046" ind1=" " ind2=" ">
    <subfield code="t">1996</subfield>
    <subfield code="2">edtf</subfield>
  </datafield>
  <datafield tag="151" ind1=" " ind2=" ">
    <subfield code="a">Vĩnh Phú (Vietnam : Province)</subfield>
  </datafield>
  <datafield tag="368" ind1=" " ind2=" ">
    <subfield code="b">Historical province</subfield>
  </datafield>
  <datafield tag="551" ind1=" " ind2=" ">
    <subfield code="w">b</subfield>
    <subfield code="a">Vĩnh Phúc (Vietnam : Province)</subfield>
  </datafield>
  <datafield tag="670" ind1=" " ind2=" ">
    <subfield code="a">Agroecosystems of the midlands of northern Vietnam, 1990:</subfield>
    <subfield code="b">CIP t.p. (Vinh Phu Province)</subfield>
  </datafield>
  <datafield tag="670" ind1=" " ind2=" ">
    <subfield code="a">Gaz. of Vietnam, 1986, 09-21-90:</subfield>
    <subfield code="b">(Vĩnh Phú, Tỉnh [Vĩnh Phú=brief], ADM1, 21°20 ́N, 105°25 ́E)</subfield>
  </datafield>
  <datafield tag="670" ind1=" " ind2=" ">
    <subfield code="a">GEOnet, Aug. 4, 2016</subfield>
    <subfield code="b">(Tỉnh Vĩnh Phú; historical 1st order admin. div.; 21°20 ́N, 105°25 ́E; variants: Vĩnh Phúc; Phú Tọ)</subfield>
  </datafield>
  <datafield tag="670" ind1=" " ind2=" ">
    <subfield code="a">Info from publisher, Aug. 4, 2016</subfield>
    <subfield code="b">(in 1996 Vĩnh Phú Province has no longer exist and separated into Vĩnh Phúc Province and Phú Tọ Province [no publs. in LC database])</subfield>
  </datafield>
  <datafield tag="781" ind1=" " ind2="0">
    <subfield code="z">Vietnam</subfield>
    <subfield code="z">Vĩnh Phú (Province)</subfield>
  </datafield>
</record>